<?xml version="1.0" encoding="utf-8"?>
<record xmlns="http://www.loc.gov/MARC21/slim" xmlns:xsi="http://www.w3.org/2001/XMLSchema-instance" xsi:schemaLocation="http://www.loc.gov/MARC21/slim http://www.loc.gov/standards/marcxml/schema/MARC21slim.xsd">
	<leader>     nam a22        4500</leader>
	<controlfield tag="001">567678</controlfield>
	<controlfield tag="003">NNC</controlfield>
	<controlfield tag="006">m        d        </controlfield>
	<controlfield tag="007">cr cn |||m|||a</controlfield>
	<controlfield tag="008">171211s1954    tu      ob    001 0 arard</controlfield>
	<datafield ind1=" " ind2=" " tag="040">
		<subfield code="a">NNU</subfield>
		<subfield code="b">eng</subfield>
		<subfield code="e">rda</subfield>
		<subfield code="c">NNU</subfield>
	</datafield>
	<datafield ind1="0" ind2=" " tag="041">
		<subfield code="a">ara</subfield>
		<subfield code="g">eng</subfield>
	</datafield>
	<datafield ind1=" " ind2="4" tag="050">
		<subfield code="a">PJ6161</subfield>
		<subfield code="b">.J8 1954</subfield>
	</datafield>
	<datafield ind1="1" ind2=" " tag="100">
		<subfield code="6">880-01</subfield>
		<subfield code="a">Jurjānī, ʻAbd al-Qāhir ibn ʻAbd al-Raḥmān,</subfield>
		<subfield code="d">-1078?</subfield>
	</datafield>
	<datafield ind1="1" ind2="0" tag="240">
		<subfield code="6">880-02</subfield>
		<subfield code="a">Dalāʼil iʻjāz wa-asrār al-balāghah</subfield>
	</datafield>
	<datafield ind1="1" ind2="0" tag="245">
		<subfield code="6">880-03</subfield>
		<subfield code="a">Kitāb asrār al-balāghah /</subfield>
		<subfield code="c">lil-shaykh ʻAbd al-Qāhir al-Jurjānī ; tahqīq H. Ritīr.</subfield>
	</datafield>
	<datafield ind1="3" ind2="0" tag="246">
		<subfield code="6">880-04</subfield>
		<subfield code="a">Asrār al-balāghah</subfield>
	</datafield>
	<datafield ind1="1" ind2="5" tag="246">
		<subfield code="6">880-05</subfield>
		<subfield code="a">Asrār al-balāgha :</subfield>
		<subfield code="b">the mysteries of eloquence of Abdalqāhir al-Jurjānī</subfield>
	</datafield>
	<datafield ind1=" " ind2=" " tag="250">
		<subfield code="6">880-06</subfield>
		<subfield code="a">al-Ṭabʻah 1.</subfield>
	</datafield>
	<datafield ind1=" " ind2=" " tag="260">
		<subfield code="6">880-07</subfield>
		<subfield code="a">Istānbūl :</subfield>
		<subfield code="b">Maṭbaʻat Wazārat al-Maʻārif,</subfield>
		<subfield code="c">1954.</subfield>
	</datafield>
	<datafield ind1=" " ind2=" " tag="300">
		<subfield code="a">online resource (485, 26 pages)</subfield>
	</datafield>
	<datafield ind1=" " ind2=" " tag="336">
		<subfield code="a">text</subfield>
		<subfield code="2">rdacontent</subfield>
	</datafield>
	<datafield ind1=" " ind2=" " tag="337">
		<subfield code="a">computer</subfield>
		<subfield code="2">rdamedia</subfield>
	</datafield>
	<datafield ind1=" " ind2=" " tag="338">
		<subfield code="a">online resource</subfield>
		<subfield code="2">rdacarrier</subfield>
	</datafield>
	<datafield ind1="1" ind2=" " tag="490">
		<subfield code="a">İstanbul Üniversitesi yayınları ;</subfield>
		<subfield code="v">no. 601</subfield>
	</datafield>
	<datafield ind1=" " ind2=" " tag="500">
		<subfield code="a">Part of the Arabic Collections Online (ACO) project, contributed by Columbia University Libraries.</subfield>
	</datafield>
	<datafield ind1=" " ind2=" " tag="533">
		<subfield code="a">Electronic reproduction.</subfield>
		<subfield code="b">New York, N.Y. :</subfield>
		<subfield code="c">New York University,</subfield>
		<subfield code="d">2017.</subfield>
		<subfield code="5">NNU</subfield>
	</datafield>
	<datafield ind1=" " ind2=" " tag="546">
		<subfield code="a">Text in Arabic, with introduction in English.</subfield>
	</datafield>
	<datafield ind1=" " ind2=" " tag="504">
		<subfield code="a">Includes bibliographical references and indexes.</subfield>
	</datafield>
	<datafield ind1=" " ind2="0" tag="650">
		<subfield code="a">Arabic language</subfield>
		<subfield code="x">Rhetoric</subfield>
		<subfield code="v">Early works to 1800.</subfield>
	</datafield>
	<datafield ind1=" " ind2="7" tag="650">
		<subfield code="a">Arabic language</subfield>
		<subfield code="x">Rhetoric.</subfield>
		<subfield code="2">fast</subfield>
		<subfield code="0">(OCoLC)fst00812415</subfield>
	</datafield>
	<datafield ind1=" " ind2="7" tag="655">
		<subfield code="a">Early works.</subfield>
		<subfield code="2">fast</subfield>
		<subfield code="0">(OCoLC)fst01411636</subfield>
	</datafield>
	<datafield ind1="2" ind2=" " tag="710">
		<subfield code="a">Columbia University.</subfield>
		<subfield code="b">Libraries.</subfield>
	</datafield>
	<datafield ind1="0" ind2=" " tag="730">
		<subfield code="a">Arabic Collections Online.</subfield>
	</datafield>
	<datafield ind1="0" ind2="8" tag="776">
		<subfield code="i">Print version:</subfield>
		<subfield code="a">Jurjānī, ʻAbd al-Qāhir ibn ʻAbd al-Raḥmān, -1078?</subfield>
		<subfield code="t">Kitāb asrār al-balāghah</subfield>
		<subfield code="w">(NNC)567678</subfield>
		<subfield code="w">(OCoLC)34887734</subfield>
	</datafield>
	<datafield ind1=" " ind2="0" tag="830">
		<subfield code="a">İstanbul Üniversitesi yayınları ;</subfield>
		<subfield code="v">no. 601.</subfield>
	</datafield>
	<datafield ind1="4" ind2="0" tag="856">
		<subfield code="u">http://hdl.handle.net/2333.1/7m0cg3zs</subfield>
	</datafield>
	<datafield ind1="1" ind2=" " tag="880">
		<subfield code="6">100-01/r</subfield>
		<subfield code="a">جرجاني، عبد القاهر بن عبد الرحمن،</subfield>
		<subfield code="d">-1078?</subfield>
	</datafield>
	<datafield ind1="1" ind2="0" tag="880">
		<subfield code="6">240-02/r</subfield>
		<subfield code="a">اسرار البلاغة</subfield>
	</datafield>
	<datafield ind1="1" ind2="0" tag="880">
		<subfield code="6">245-03/r</subfield>
		<subfield code="a">كتاب اسرار البلاغة /</subfield>
		<subfield code="c">للشيخ عبد القاهر الجرجاني ؛ تحقيق ه. رتير.</subfield>
	</datafield>
	<datafield ind1="3" ind2="0" tag="880">
		<subfield code="6">246-04/r</subfield>
		<subfield code="a">اسرار البلاغة</subfield>
	</datafield>
	<datafield ind1="1" ind2="5" tag="880">
		<subfield code="6">246-05/r</subfield>
		<subfield code="a">اسرار البلاغة :</subfield>
		<subfield code="b">the mysteries of eloquence of Abdalqāhir al-Jurjānī</subfield>
	</datafield>
	<datafield ind1=" " ind2=" " tag="880">
		<subfield code="6">250-06/r</subfield>
		<subfield code="a">الطبعة 1.</subfield>
	</datafield>
	<datafield ind1=" " ind2=" " tag="880">
		<subfield code="6">260-07/r</subfield>
		<subfield code="a">استانبول :</subfield>
		<subfield code="b">مطبعة وزارة المعارف،</subfield>
		<subfield code="c">1954.</subfield>
	</datafield>
	<datafield ind1=" " ind2=" " tag="959">
		<subfield code="a">NNU</subfield>
		<subfield code="b">WEB</subfield>
		<subfield code="c">GENI</subfield>
		<subfield code="t">0</subfield>
		<subfield code="m">Electronic access</subfield>
		<subfield code="s">01</subfield>
	</datafield>
	<datafield ind1=" " ind2=" " tag="999">
		<subfield code="i">NNC_567678</subfield>
		<subfield code="o">(OCoLC)ocm34887734</subfield>
		<subfield code="s">columbia_aco002622</subfield>
		<subfield code="e">(ERROR-880)</subfield>
		<subfield code="s">columbia_aco002622</subfield>
	</datafield>
</record>
